<?xml version="1.0" encoding="UTF-8"?><record xmlns="http://www.loc.gov/MARC21/slim" xmlns:cinclude="http://apache.org/cocoon/include/1.0" xmlns:zs="http://www.loc.gov/zing/srw/">
  <leader>00547nz  a2200157n  4500</leader>
  <controlfield tag="001">no2014130241</controlfield>
  <controlfield tag="003">DLC</controlfield>
  <controlfield tag="005">20141007073549.0</controlfield>
  <controlfield tag="008">141002n| azannaabn          |n aaa     c</controlfield>
  <datafield tag="010" ind1=" " ind2=" ">
    <subfield code="a">no2014130241</subfield>
  </datafield>
  <datafield tag="035" ind1=" " ind2=" ">
    <subfield code="a">(OCoLC)oca09977885</subfield>
  </datafield>
  <datafield tag="040" ind1=" " ind2=" ">
    <subfield code="a">OU</subfield>
    <subfield code="b">eng</subfield>
    <subfield code="e">rda</subfield>
    <subfield code="c">OU</subfield>
  </datafield>
  <datafield tag="100" ind1="1" ind2=" ">
    <subfield code="a">Mertens, Tom</subfield>
  </datafield>
  <datafield tag="375" ind1=" " ind2=" ">
    <subfield code="a">male</subfield>
  </datafield>
  <datafield tag="670" ind1=" " ind2=" ">
    <subfield code="a">Wilson lines in quantum field theory, 2014:</subfield>
    <subfield code="b">ECIP title page (Tom Mertens)</subfield>
  </datafield>
  <datafield tag="670" ind1=" " ind2=" ">
    <subfield code="a">ResearchGate WWW site, October 2, 2014</subfield>
    <subfield code="b">(Tom Mertens; Master in Theoretical Physics; PhD Student, University of Antwerp, Department of Physics)</subfield>
  </datafield>
</record>